@inproceedings{Pham,
author = {Pham, Raphael and Singer, Leif and Liskin, Olga and Figueira Filho, Fernando and Schneider, Kurt},
 title = {Creating a Shared Understanding of Testing Culture on a Social Coding Site},
 booktitle = {Proceedings of the 2013 International Conference on Software Engineering},
 series = {ICSE '13},
 year = {2013},
 isbn = {978-1-4673-3076-3},
 location = {San Francisco, CA, USA},
 pages = {112--121},
 numpages = {10},
 acmid = {2486804},
 publisher = {IEEE Press},
 address = {Piscataway, NJ, USA},
} 
@inproceedings{Storey,
 author = {Storey, Margaret-Anne and Treude, Christoph and van Deursen, Arie and Cheng, Li-Te},
 title = {The Impact of Social Media on Software Engineering Practices and Tools},
 booktitle = {Proceedings of the FSE/SDP Workshop on Future of Software Engineering Research},
 series = {FoSER '10},
 year = {2010},
 isbn = {978-1-4503-0427-6},
 location = {Santa Fe, New Mexico, USA},
 pages = {359--364},
 numpages = {6},
 doi = {10.1145/1882362.1882435},
 acmid = {1882435},
 publisher = {ACM},
 address = {New York, NY, USA},
 keywords = {social media, software engineering tools, web 2.0},
} 
@inproceedings{Stuart,
 author = {Stuart, H. Colleen and Dabbish, Laura and Kiesler, Sara and Kinnaird, Peter and Kang, Ruogu},
 title = {Social Transparency in Networked Information Exchange: A Theoretical Framework},
 booktitle = {Proceedings of the ACM 2012 Conference on Computer Supported Cooperative Work},
 series = {CSCW '12},
 year = {2012},
 isbn = {978-1-4503-1086-4},
 location = {Seattle, Washington, USA},
 pages = {451--460},
 numpages = {10},
 doi = {10.1145/2145204.2145275},
 acmid = {2145275},
 publisher = {ACM},
 address = {New York, NY, USA},
 keywords = {awareness, collaboration, information exchange, innovation, social translucence, social transparency, theory, visualizations},
} 
@inproceedings{Dabbish,
 author = {Dabbish, L. Dabbish, S. Colleen and Tsay, Jason and Herbsleb, Jim},
 title = {Social Coding in GitHub: Transparency and Collaboration in an Open Software Repository},
 booktitle = {Proceedings of the ACM 2012 Conference on Computer Supported Cooperative Work},
 series = {CSCW '12},
 year = {2012},
 isbn = {978-1-4503-1086-4},
 location = {Seattle, Washington, USA},
 pages = {1277--1286},
 numpages = {10},
 doi = {10.1145/2145204.2145396},
 acmid = {2145396},
 publisher = {ACM},
 address = {New York, NY, USA},
 keywords = {awareness, collaboration, coordination, open source software development, social computing, transparency},
} 
@inproceedings{Greiler,
 author = {Greiler, Michaela and Deursen, Arie van and Storey, Margaret-Anne},
 title = {Test Confessions: A Study of Testing Practices for Plug-in Systems},
 booktitle = {Proceedings of the 34th International Conference on Software Engineering},
 series = {ICSE '12},
 year = {2012},
 isbn = {978-1-4673-1067-3},
 location = {Zurich, Switzerland},
 pages = {244--254},
 numpages = {11},
 acmid = {2337253},
 publisher = {IEEE Press},
 address = {Piscataway, NJ, USA},
} 
@inproceedings{Michlmayr,
  title={Quality practices and problems in free software projects},
  author={Michlmayr, Martin and Hunt, Francis and Probert, David},
  booktitle={Proceedings of the First International Conference on Open Source Systems},
  pages={24--28},
  year={2005}
}
@inproceedings{Singer,
 author = {Singer, Leif and Figueira Filho, Fernando and Cleary, Brendan and Treude, Christoph and Storey, Margaret-Anne and Schneider, Kurt},
 title = {Mutual Assessment in the Social Programmer Ecosystem: An Empirical Investigation of Developer Profile Aggregators},
 booktitle = {Proceedings of the 2013 Conference on Computer Supported Cooperative Work},
 series = {CSCW '13},
 year = {2013},
 isbn = {978-1-4503-1331-5},
 location = {San Antonio, Texas, USA},
 pages = {103--116},
 numpages = {14},
 doi = {10.1145/2441776.2441791},
 acmid = {2441791},
 publisher = {ACM},
 address = {New York, NY, USA},
 keywords = {gamification, motivation, reputation, social code sharing, social media, software development, software engineering, virtual communities},
} 
@inproceedings{Mockus,
 author = {Mockus, Audris and Fielding, Roy T. and Herbsleb, James},
 title = {A Case Study of Open Source Software Development: The Apache Server},
 booktitle = {Proceedings of the 22Nd International Conference on Software Engineering},
 series = {ICSE '00},
 year = {2000},
 isbn = {1-58113-206-9},
 location = {Limerick, Ireland},
 pages = {263--272},
 numpages = {10},
 doi = {10.1145/337180.337209},
 acmid = {337209},
 publisher = {ACM},
 address = {New York, NY, USA},
 keywords = {code ownership, defect density, open source, repair interval, software process},
} 
@article{Bonaccorsi,
year={2006},
issn={0897-1986},
journal={Knowledge, Technology and Policy},
volume={18},
number={4},
doi={10.1007/s12130-006-1003-9},
title={Comparing motivations of individual programmers and firms to take part in the open source movement: From community to business},
publisher={Springer Netherlands},
author={Bonaccorsi, Andrea and Rossi, Cristina},
pages={40-64},
language={English}
}
@proceedings{Crowston,
	address = {Las Vegas, NV, USA, December},
	editor = {Crowston, Kevin and Wei, Kangning and Li, Qing and Eseryel, U. Yeliz and Howison, James},
	publisher = {Proceedings of the International Conference on Information Systems (ICIS)},
	keywords = {Coordination, FLOSS},
	title = {Coordination of Free/Libre Open Source Software development},
	booktitle = {Coordination of Free/Libre Open Source Software development},
	year = {2005}
}
@article{Stewart,
 author = {Stewart, Katherine J. and Gosain, Sanjay},
 title = {The Impact of Ideology on Effectiveness in Open Source Software Development Teams},
 journal = {MIS Q.},
 issue_date = {June 2006},
 volume = {30},
 number = {2},
 month = jun,
 year = {2006},
 issn = {0276-7783},
 pages = {291--314},
 numpages = {24},
 acmid = {2017313},
 publisher = {Society for Information Management and The Management Information Systems Research Center},
 address = {Minneapolis, MN, USA},
 keywords = {communication, ideology, open source software, trust, virtual teams},
} 
@inproceedings{Dagenais,
 author = {Dagenais, Barth{\'e}l{\'e}my and Robillard, Martin P.},
 title = {Creating and Evolving Developer Documentation: Understanding the Decisions of Open Source Contributors},
 booktitle = {Proceedings of the Eighteenth ACM SIGSOFT International Symposium on Foundations of Software Engineering},
 series = {FSE '10},
 year = {2010},
 isbn = {978-1-60558-791-2},
 location = {Santa Fe, New Mexico, USA},
 pages = {127--136},
 numpages = {10},
 doi = {10.1145/1882291.1882312},
 acmid = {1882312},
 publisher = {ACM},
 address = {New York, NY, USA},
 keywords = {developer documentation, framework, grounded theory, open source projects, qualitative studies, software documentation},
} 
@inproceedings{Begel,
 author = {Begel, Andrew and Zimmermann, Thomas},
 title = {Keeping Up with Your Friends: Function Foo, Library Bar.DLL, and Work Item 24},
 booktitle = {Proceedings of the 1st Workshop on Web 2.0 for Software Engineering},
 series = {Web2SE '10},
 year = {2010},
 isbn = {978-1-60558-975-6},
 location = {Cape Town, South Africa},
 pages = {20--23},
 numpages = {4},
 doi = {10.1145/1809198.1809205},
 acmid = {1809205},
 publisher = {ACM},
 address = {New York, NY, USA},
 keywords = {inter-team coordination, knowledge management, mining software repositories, regular expression, regular language reachability, social networking},
} 
@ARTICLE{Souza, 
author={Souza, C.R.B. and Redmiles, D.F.}, 
journal={Software Engineering, IEEE Transactions on}, 
title={The Awareness Network, To Whom Should I Display My Actions? And, Whose Actions Should I Monitor?}, 
year={2011}, 
month={May}, 
volume={37}, 
number={3}, 
pages={325-340}, 
doi={10.1109/TSE.2011.19}, 
ISSN={0098-5589},
}
@book{Anselm,
  title={Grounded Theory in Practice},
  author={Anselm Strauss and Juliet M. Corbin},
  isbn={9780761907480},
  lccn={96045918},
  year={1997},
  publisher={SAGE Publications}
}










